

@Article{bandera1,
	year = {2000},
	title = {Bandera: Extracting Finite-State Models from Java Source Code},
	author = {James C. Corbett, Matthew B. Dwyer, John Hatcliff, Shawn Laubach, Corina S. Păsăreanu, Robby, Hongjun Zheng}
}
@misc{JPF,
  title = {Documentation officielle de Java Path Finder},
  howpublished = {\url{http://javapathfinder.sourceforge.net/}, \url{http://babelfish.arc.nasa.gov/trac/jpf/wiki/WikiStart}},
  note = {Visité le : 20/12/2016}
}
@Manual{Soot,
	Title										= {A Survivor’s Guide to Java Program Analysis with Soot},
	Author 									= {Arni Einarsson et Janus Dam Nielsen},
	Organization						= {BRICS, Departement Informatique, Université de Aarhus, Denmark},
	Year										= {2008},
	Url											= {http://www.brics.dk/SootGuide/sootsurvivorsguide.pdf},
	Note										= {\url{http://www.brics.dk/SootGuide/sootsurvivorsguide.pdf}},
	Timestamp								= {2008.17.07}
}
